<?xml version="1.0" encoding="UTF-8"?><collection xmlns="http://www.loc.gov/MARC21/slim"><record><leader>00553nam--2200181-i-4500</leader><controlfield tag="001">000029392</controlfield><controlfield tag="002">20161230</controlfield><controlfield tag="005">20161230201037</controlfield><controlfield tag="008">060222s1000------------r-----000-0-eng-d</controlfield><datafield ind1=" " ind2=" " tag="040"><subfield code="a">IFIN-HH</subfield></datafield><datafield ind1=" " ind2=" " tag="080"><subfield code="a">539.12</subfield></datafield><datafield ind1="1" ind2=" " tag="100"><subfield code="a">Millikan, Robert Andrews</subfield></datafield><datafield ind1="1" ind2="0" tag="245"><subfield code="a">Electrons (+and-), protons, photons, neutrons, mesotrons, and cosmic rays</subfield><subfield code="c">Robert andrews millikan</subfield></datafield><datafield ind1=" " ind2=" " tag="250"><subfield code="b">Revised Sdition 1947</subfield></datafield><datafield ind1=" " ind2=" " tag="260"><subfield code="a">Chicago, Illinois</subfield><subfield code="b">The University Of Chicago Press</subfield><subfield code="c">1951</subfield></datafield><datafield ind1=" " ind2=" " tag="300"><subfield code="a">X+642P</subfield></datafield><datafield ind1=" " ind2=" " tag="852"><subfield code="a">12758</subfield><subfield code="c">539.12</subfield></datafield><datafield ind1=" " ind2=" " tag="CAT"><subfield code="a">Sys</subfield><subfield code="c">20111102</subfield><subfield code="h">160059</subfield></datafield></record></collection>